<collection xmlns="http://www.loc.gov/MARC21/slim">
<record>
  <leader>00297na 0a22000971i 450 </leader>
  <controlfield tag="001">IT\ICCU\CNCE\075453</controlfield>
  <controlfield tag="005">20101027000000.0</controlfield>
  <datafield tag="100" ind1=" " ind2=" ">
    <subfield code="a">20101027             0itac0103    ba</subfield>
  </datafield>
  <datafield tag="101" ind1=" " ind2=" ">
    <subfield code="a">LAT</subfield>
  </datafield>
  <datafield tag="200" ind1="1" ind2=" ">
    <subfield code="a">Reperto. in  XVI tracta. tomos ... per dominum Marc. Anto. Bonicellum Bergomensem ...</subfield>
  </datafield>
  <datafield tag="801" ind1=" " ind2="3">
    <subfield code="a">IT</subfield>
    <subfield code="b">ICCU</subfield>
    <subfield code="c">20201115</subfield>
  </datafield>
</record>
</collection>
